@article{aragona,
  author    = {Riccardo Aragona and
               Riccardo Longo and
               Massimiliano Sala},
  title     = {Several proofs of security for a tokenization algorithm},
  journal   = {Appl. Algebra Eng. Commun. Comput.},
  volume    = {28},
  number    = {5},
  pages     = {425--436},
  year      = {2017},
  url       = {https://doi.org/10.1007/s00200-017-0313-3},
  doi       = {10.1007/s00200-017-0313-3},
  timestamp = {Mon, 20 Nov 2017 16:24:49 +0100},
  biburl    = {http://dblp.org/rec/bib/journals/aaecc/AragonaLS17},
  bibsource = {dblp computer science bibliography, http://dblp.org}
}

@misc{nist_aleatorios,
  author    = {Elaine Barker and John Kelsey},
  title     = {{NIST} Special Publication 800-90A - Recommendation for Random
               Number Generation Using Deterministic Random Bit Generators},
  year      = {2015},
  url       = {http://dx.doi.org/10.6028/NIST.SP.800-90Ar1}
}

%
% Título original:
% Selected Areas in Cryptography, 16th Annual International Workshop,
% {SAC} 2009, Calgary, Alberta, Canada, August 13-14, 2009, Revised
% Selected Papers
%

@inproceedings{DBLP:conf/sacrypt/BellareRRS09,
  author    = {Mihir Bellare and
               Thomas Ristenpart and
               Phillip Rogaway and
               Till Stegers},
  title     = {Format-Preserving Encryption},
  booktitle = {Selected Areas in Cryptography},
  pages     = {295--312},
  year      = {2009},
  crossref  = {DBLP:conf/sacrypt/2009},
  url       = {https://doi.org/10.1007/978-3-642-05445-7\_19},
  doi       = {10.1007/978-3-642-05445-7\_19},
  timestamp = {Tue, 26 Jun 2018 14:11:05 +0200},
  biburl    = {https://dblp.org/rec/bib/conf/sacrypt/BellareRRS09},
  bibsource = {dblp computer science bibliography, https://dblp.org}
}

@proceedings{DBLP:conf/sacrypt/2009,
  editor    = {Michael J. Jacobson Jr. and
               Vincent Rijmen and
               Reihaneh Safavi{-}Naini},
  title     = {Selected Areas in Cryptography, 16th Annual International Workshop,
               {SAC} 2009, Calgary, Alberta, Canada, August 13-14, 2009, Revised
               Selected Papers},
  series    = {Lecture Notes in Computer Science},
  volume    = {5867},
  publisher = {Springer},
  year      = {2009},
  url       = {https://doi.org/10.1007/978-3-642-05445-7},
  doi       = {10.1007/978-3-642-05445-7},
  isbn      = {978-3-642-05443-3},
  timestamp = {Sun, 21 May 2017 00:19:13 +0200},
  biburl    = {https://dblp.org/rec/bib/conf/sacrypt/2009},
  bibsource = {dblp computer science bibliography, https://dblp.org}
}

%
% La de abajo usa los campos del artículo como casillas
% para hacer que la referencia se vea como en otros lados:
% el journal con énfasis y la url como nota.
%
% ¿Traducir el «NIST submission»?
%

@article{ffx_1,
  author   = {Mihir Bellare and
              Phillip Rogaway and
              Terence Spies},
  title    = {The {FFX} Mode of Operation for Format-Preserving Encryption},
  version  = {1.0},
  journal  = {\emph{{NIST} submission}},
  year     = {2010},
  note     = {\url{http://csrc.nist.gov/groups/ST/toolkit/BCM/documents/
                   proposedmodes/ffx/ffx-spec.pdf}}
}

@misc{braintree_uno,
  author      = {Braintree},
  title       = {Tokenization Secures {CC} Data and Meet {PCI} Compliance
                 Requirements},
  note        = {Consultado en marzo de 2018},
  howpublished = {\url{https://www.braintreepayments.com/blog/
                       using-tokenization-to-secure-credit-card-data-
                       and-meet-pci-compliance-requirements/}}
}

@article{bps,
  title     = {{BPS}: a Format-Preserving Encryption Proposal},
  author    = {Eric Brier and Thomas Peyrin and Jacques Stern},
  year      = {2010},
  journal  = {\emph{{NIST} submission}},
  note     = {\url{http://csrc.nist.gov/groups/ST/
                   toolkit/BCM/documents/proposedmodes/bps/bps-spec.pdf}}
}

@incollection{modos_de_operacion,
  author    = {Debrup Chakraborty and
               Francisco Rodríguez{-}Henríquez},
  title     = {Block Cipher Modes of Operation from a Hardware
               Implementation Perspective},
  booktitle = {Cryptographic Engineering},
  pages     = {321--363},
  year      = {2009},
  url       = {https://doi.org/10.1007/978-0-387-71817-0_12},
  doi       = {10.1007/978-0-387-71817-0_12},
  timestamp = {Tue, 16 May 2017 14:01:47 +0200},
  biburl    = {http://dblp.org/rec/bib/books/sp/koc09/ChakrabortyR09},
  bibsource = {dblp computer science bibliography, http://dblp.org}
}

@article{doc_sandra,
  author    = {Sandra Diaz{-}Santiago and
               Lil María Rodríguez{-}Henríquez and
               Debrup Chakraborty},
  title     = {A cryptographic study of tokenization systems},
  journal   = {Int. J. Inf. Sec.},
  volume    = {15},
  number    = {4},
  pages     = {413--432},
  year      = {2016},
  url       = {https://doi.org/10.1007/s10207-015-0313-x},
  doi       = {10.1007/s10207-015-0313-x},
  timestamp = {Sat, 16 Sep 2017 12:07:03 +0200},
  biburl    = {http://dblp.org/rec/bib/journals/ijisec/Diaz-SantiagoRC16},
  bibsource = {dblp computer science bibliography, http://dblp.org}
}

@misc{nist_fpe,
  author    = {Morris Dworkin},
  title     = {{NIST} Special Publication 800-38G - Recommendation for Block
               Cipher Modes of Operation: Methods for Format-Preserving
               Encryption},
  year      = {2016},
  url       = {http://dx.doi.org/10.6028/NIST.SP.800-38G}
}

@misc{aesni_wp,
  author       = {Gael Hofemeier and
                  Robert Chesebrough},
  title        = {Introduction to Intel {AES-NI} and
                  Intel Secure Key Instructions},
  date         = {2014}
}

@book{iso_7812,
  title       = {{ISO/IEC} 7812},
  institution = {{ISO}},
  author      = {{International Organization for
                 Standarization}},
  year        = {2017},
  edition     = {5},
  pages       = {7},
  url         = {https://www.iso.org/standard/70484.html}
}

@misc{wallethub,
  author       = {John S. Kiernan},
  title        = {Credit Card And Debit Card Fraud Statistics},
  note         = {Consultado en marzo de 2018},
  howpublished = {\url{https://wallethub.com/
                       edu/credit-debit-card-fraud-statistics/25725/}}
}

% Antes: DBLP:books/crc/MenezesOV96
@book{menezes,
  author    = {Alfred Menezes and
               Paul C. van Oorschot and
               Scott A. Vanstone},
  title     = {Handbook of Applied Cryptography},
  publisher = {{CRC} Press},
  year      = {1996},
  isbn      = {0-8493-8523-7},
  timestamp = {Sun, 05 Feb 2017 17:14:48 +0100},
  biburl    = {http://dblp.org/rec/bib/books/crc/MenezesOV96},
  bibsource = {dblp computer science bibliography, http://dblp.org}
}

@misc{pci_tokens,
  author    = {{Payment Card Industry Security Standards Council}},
  title     = {Tokenization Product Security Guidelines – Irreversible and
               Reversible Tokens},
  year      = {2015},
  url       = {https://www.pcisecuritystandards.org/documents/Tokenization_Product_Security_Guidelines.pdf}
}

@misc{pci_dss,
  author    = {{Payment Card Industry Security Standards Council}},
  title     = {Data Security Standard - Version 3.2},
  year      = {2016},
  url       = {https://www.pcisecuritystandards.org/documents/pci_dss_v3-2.pdf}
}

@inproceedings{DBLP:conf/fse/SchneierK96,
  author    = {Bruce Schneier and
               John Kelsey},
  title     = {Unbalanced Feistel Networks and Block Cipher Design},
  booktitle = {Fast Software Encryption, Third International Workshop, Cambridge,
               UK, February 21-23, 1996, Proceedings},
  pages     = {121--144},
  year      = {1996},
  url       = {https://doi.org/10.1007/3-540-60865-6_49},
  doi       = {10.1007/3-540-60865-6_49},
  timestamp = {Mon, 22 May 2017 16:14:07 +0200},
  biburl    = {http://dblp.org/rec/bib/conf/fse/SchneierK96},
  bibsource = {dblp computer science bibliography, http://dblp.org}
}

@misc{securosis,
  author       = {Securosis},
  title        = {Understanding and Selecting a Tokenization Solution},
  note         = {Consultado en febrero de 2018},
  howpublished = {\url{https://securosis.com/assets/library/reports/
                       Securosis_Understanding_Tokenization_V.1_.0_.pdf}}
}

@misc{shif4_uno,
  author       = {{Shift4 Payments}},
  title        = {The History of TrueTokenization},
  note         = {Consultado en agosto de 2018},
  howpublished = {\url{https://www.shift4.com/dotn/4tify/trueTokenization.cfm}}
}

@proceedings{DBLP:conf/ctrsa/2002,
  editor    = {Bart Preneel},
  title     = {Topics in Cryptology - CT-RSA 2002, The Cryptographer's
               Track at the RSA Conference, 2002, San Jose, CA, USA, February
               18-22, 2002, Proceedings},
  booktitle = {CT-RSA},
  publisher = {Springer},
  series    = {Lecture Notes in Computer Science},
  volume    = {2271},
  year      = {2002},
  isbn      = {3-540-43224-8},
  bibsource = {DBLP, http://dblp.uni-trier.de}
}

%
% Título original:
% Topics in Cryptology - {CT-RSA} 2002, The Cryptographer's Track at
% the {RSA} Conference, 2002, San Jose, CA, USA, February 18-22, 2002,
% Proceedings
%

@inproceedings{blackrog,
  author    = {John Black and
               Phillip Rogaway},
  title     = {Ciphers with Arbitrary Finite Domains},
  booktitle = {{CT-RSA}},
  pages     = {114--130},
  year      = {2002},
  crossref  = {DBLP:conf/ctrsa/2002},
  url       = {https://doi.org/10.1007/3-540-45760-7\_9},
  doi       = {10.1007/3-540-45760-7\_9},
  timestamp = {Fri, 26 May 2017 14:09:15 +0200},
  biburl    = {https://dblp.org/rec/bib/conf/ctrsa/BlackR02},
  bibsource = {dblp computer science bibliography, https://dblp.org}
}

@proceedings{DBLP:conf/ctrsa/2002,
  editor    = {Bart Preneel},
  title     = {Topics in Cryptology - {CT-RSA} 2002, The Cryptographer's Track at
               the {RSA} Conference, 2002, San Jose, CA, USA, February 18-22, 2002,
               Proceedings},
  series    = {Lecture Notes in Computer Science},
  volume    = {2271},
  publisher = {Springer},
  year      = {2002},
  url       = {https://doi.org/10.1007/3-540-45760-7},
  doi       = {10.1007/3-540-45760-7},
  isbn      = {3-540-43224-8},
  timestamp = {Fri, 26 May 2017 14:09:15 +0200},
  biburl    = {https://dblp.org/rec/bib/conf/ctrsa/2002},
  bibsource = {dblp computer science bibliography, https://dblp.org}
}

@article{DBLP:journals/rfc/rfc3610,
  author    = {Doug Whiting and
               Russell Housley and
               Niels Ferguson},
  title     = {Counter with {CBC-MAC} {(CCM)}},
  journal   = {{RFC}},
  volume    = {3610},
  pages     = {1--26},
  year      = {2003},
  url       = {https://doi.org/10.17487/RFC3610},
  doi       = {10.17487/RFC3610},
  timestamp = {Sun, 26 Nov 2017 00:59:24 +0100},
  biburl    = {https://dblp.org/rec/bib/journals/rfc/rfc3610},
  bibsource = {dblp computer science bibliography, https://dblp.org}
}
