
@incollection{modos_de_operacion,
  author    = {Debrup Chakraborty and
               Francisco Rodríguez{-}Henríquez},
  title     = {Block Cipher Modes of Operation from a Hardware Implementation Perspective},
  booktitle = {Cryptographic Engineering},
  pages     = {321--363},
  year      = {2009},
  crossref  = {DBLP:books/sp/Koc2009},
  url       = {https://doi.org/10.1007/978-0-387-71817-0_12},
  doi       = {10.1007/978-0-387-71817-0_12},
  timestamp = {Tue, 16 May 2017 14:01:47 +0200},
  biburl    = {http://dblp.org/rec/bib/books/sp/koc09/ChakrabortyR09},
  bibsource = {dblp computer science bibliography, http://dblp.org}
}

@book{DBLP:books/sp/Koc2009,
  editor    = {{\c{C}}etin Kaya Ko{\c{c}}},
  title     = {Cryptographic Engineering},
  publisher = {Springer},
  year      = {2009},
  url       = {https://doi.org/10.1007/978-0-387-71817-0},
  doi       = {10.1007/978-0-387-71817-0},
  isbn      = {978-0-387-71816-3},
  timestamp = {Tue, 16 May 2017 14:01:47 +0200},
  biburl    = {http://dblp.org/rec/bib/books/sp/Koc2009},
  bibsource = {dblp computer science bibliography, http://dblp.org}
}
