%
% Archivo de referencias.
% Proyecto Lovelace.
%
% Recursos:
% http://dblp.uni-trier.de/
%

@incollection{modos_de_operacion,
  author    = {Debrup Chakraborty and
               Francisco Rodríguez{-}Henríquez},
  title     = {Block Cipher Modes of Operation from a Hardware
               Implementation Perspective},
  booktitle = {Cryptographic Engineering},
  pages     = {321--363},
  year      = {2009},
  crossref  = {DBLP:books/sp/Koc2009},
  url       = {https://doi.org/10.1007/978-0-387-71817-0_12},
  doi       = {10.1007/978-0-387-71817-0_12},
  timestamp = {Tue, 16 May 2017 14:01:47 +0200},
  biburl    = {http://dblp.org/rec/bib/books/sp/koc09/ChakrabortyR09},
  bibsource = {dblp computer science bibliography, http://dblp.org}
}

@book{DBLP:books/sp/Koc2009,
  editor    = {{\c{C}}etin Kaya Ko{\c{c}}},
  title     = {Cryptographic Engineering},
  publisher = {Springer},
  year      = {2009},
  url       = {https://doi.org/10.1007/978-0-387-71817-0},
  doi       = {10.1007/978-0-387-71817-0},
  isbn      = {978-0-387-71816-3},
  timestamp = {Tue, 16 May 2017 14:01:47 +0200},
  biburl    = {http://dblp.org/rec/bib/books/sp/Koc2009},
  bibsource = {dblp computer science bibliography, http://dblp.org}
}

@book{DBLP:series/isc/DelfsK07,
  author    = {Hans Delfs and
               Helmut Knebl},
  title     = {Introduction to Cryptography - Principles and Applications},
  series    = {Information Security and Cryptography},
  publisher = {Springer},
  year      = {2007},
  url       = {https://doi.org/10.1007/3-540-49244-5},
  doi       = {10.1007/3-540-49244-5},
  isbn      = {978-3-540-49243-6},
  timestamp = {Tue, 16 May 2017 14:24:21 +0200},
  biburl    = {http://dblp.org/rec/bib/series/isc/DelfsK07},
  bibsource = {dblp computer science bibliography, http://dblp.org}
}

% Antes: DBLP:books/crc/MenezesOV96
@book{menezes,
  author    = {Alfred Menezes and
               Paul C. van Oorschot and
               Scott A. Vanstone},
  title     = {Handbook of Applied Cryptography},
  publisher = {{CRC} Press},
  year      = {1996},
  isbn      = {0-8493-8523-7},
  timestamp = {Sun, 05 Feb 2017 17:14:48 +0100},
  biburl    = {http://dblp.org/rec/bib/books/crc/MenezesOV96},
  bibsource = {dblp computer science bibliography, http://dblp.org}
}

@article{unam_introduccion_criptografia,
  author    = {Gibrán Granados Paredes},
  title     = {Introducción a la Criptografía},
  journal   = {DGSCA-UNAM, Revista Digital Universitaria},
  isnn      = {1067-6079},
  volume    = {7},
  number    = {7},
  pages     = {17},
  year      = {2006},
  url       = {http://www.revista.unam.mx/vol.7/num7/art55/jul_art55.pdf}
}

@book{hash_hussein,
  edition   = {1},
  title     = {Handbook of research on threat detection and countermeasures in
               network security},
  publisher = {IGI Global},
  author    = {Al-Hamami, Alaa Hussein and al-Saadoo, Ghossoon M. Waleed},
  year      = {2015}
}

@book{stallings,
  author    = {William Stallings},
  title     = {Cryptography and network security - principles and
               practice {(6.} ed.)},
  publisher = {Pearson},
  year      = {2014},
  isbn      = {978-0-13-335469-0},
  timestamp = {Thu, 07 Apr 2011 16:15:59 +0200},
  biburl    = {http://dblp.org/rec/bib/books/daglib/0008094},
  bibsource = {dblp computer science bibliography, http://dblp.org}
}

@inproceedings{ataque_wep,
  author    = {Scott R. Fluhrer and
               Itsik Mantin and
               Adi Shamir},
  title     = {Weaknesses in the Key Scheduling Algorithm of {RC4}},
  booktitle = {Selected Areas in Cryptography, 8th Annual International
               Workshop, {SAC} 2001 Toronto, Ontario, Canada, August 16-17,
               2001, Revised Papers},
  pages     = {1--24},
  year      = {2001},
  crossref  = {DBLP:conf/sacrypt/2001},
  url       = {https://doi.org/10.1007/3-540-45537-X_1},
  doi       = {10.1007/3-540-45537-X_1},
  timestamp = {Fri, 26 May 2017 14:09:14 +0200},
  biburl    = {http://dblp.org/rec/bib/conf/sacrypt/FluhrerMS01},
  bibsource = {dblp computer science bibliography, http://dblp.org}
}

@proceedings{DBLP:conf/sacrypt/2001,
  editor    = {Serge Vaudenay and
               Amr M. Youssef},
  title     = {Selected Areas in Cryptography, 8th Annual International
               Workshop, {SAC} 2001 Toronto, Ontario, Canada, August 16-17,
               2001, Revised Papers},
  series    = {Lecture Notes in Computer Science},
  volume    = {2259},
  publisher = {Springer},
  year      = {2001},
  url       = {https://doi.org/10.1007/3-540-45537-X},
  doi       = {10.1007/3-540-45537-X},
  isbn      = {3-540-43066-0},
  timestamp = {Fri, 26 May 2017 14:09:14 +0200},
  biburl    = {http://dblp.org/rec/bib/conf/sacrypt/2001},
  bibsource = {dblp computer science bibliography, http://dblp.org}
}

@book{hash_gupta,
  place     = {Delhi},
  title     = {Cryptography and Network Security},
  publisher = {PHI Learning},
  author    = {Gupta, Prakash C.},
  year      = {2015}
}

@book{mac_patel,
  place     = {New Delhi},
  title     = {Information security - Theory and Practice},
  publisher = {Prentice-Hall of India},
  author    = {Patel, Dhiren R.},
  year      = {2008}
}
