%
% Archivo de referencias.
% Proyecto Lovelace.
%
% Recursos:
% http://dblp.uni-trier.de/
%

@incollection{modos_de_operacion,
  author    = {Debrup Chakraborty and
               Francisco Rodríguez{-}Henríquez},
  title     = {Block Cipher Modes of Operation from a Hardware
               Implementation Perspective},
  booktitle = {Cryptographic Engineering},
  pages     = {321--363},
  year      = {2009},
  crossref  = {DBLP:books/sp/Koc2009},
  url       = {https://doi.org/10.1007/978-0-387-71817-0_12},
  doi       = {10.1007/978-0-387-71817-0_12},
  timestamp = {Tue, 16 May 2017 14:01:47 +0200},
  biburl    = {http://dblp.org/rec/bib/books/sp/koc09/ChakrabortyR09},
  bibsource = {dblp computer science bibliography, http://dblp.org}
}

@book{DBLP:books/sp/Koc2009,
  editor    = {{\c{C}}etin Kaya Ko{\c{c}}},
  title     = {Cryptographic Engineering},
  publisher = {Springer},
  year      = {2009},
  url       = {https://doi.org/10.1007/978-0-387-71817-0},
  doi       = {10.1007/978-0-387-71817-0},
  isbn      = {978-0-387-71816-3},
  timestamp = {Tue, 16 May 2017 14:01:47 +0200},
  biburl    = {http://dblp.org/rec/bib/books/sp/Koc2009},
  bibsource = {dblp computer science bibliography, http://dblp.org}
}

@book{DBLP:series/isc/DelfsK07,
  author    = {Hans Delfs and
               Helmut Knebl},
  title     = {Introduction to Cryptography - Principles and Applications},
  series    = {Information Security and Cryptography},
  publisher = {Springer},
  year      = {2007},
  url       = {https://doi.org/10.1007/3-540-49244-5},
  doi       = {10.1007/3-540-49244-5},
  isbn      = {978-3-540-49243-6},
  timestamp = {Tue, 16 May 2017 14:24:21 +0200},
  biburl    = {http://dblp.org/rec/bib/series/isc/DelfsK07},
  bibsource = {dblp computer science bibliography, http://dblp.org}
}

% Antes: DBLP:books/crc/MenezesOV96
@book{menezes,
  author    = {Alfred Menezes and
               Paul C. van Oorschot and
               Scott A. Vanstone},
  title     = {Handbook of Applied Cryptography},
  publisher = {{CRC} Press},
  year      = {1996},
  isbn      = {0-8493-8523-7},
  timestamp = {Sun, 05 Feb 2017 17:14:48 +0100},
  biburl    = {http://dblp.org/rec/bib/books/crc/MenezesOV96},
  bibsource = {dblp computer science bibliography, http://dblp.org}
}

@article{unam_introduccion_criptografia,
  author    = {Gibrán Granados Paredes},
  title     = {Introducción a la Criptografía},
  journal   = {DGSCA-UNAM, Revista Digital Universitaria},
  isnn      = {1067-6079},
  volume    = {7},
  number    = {7},
  pages     = {17},
  year      = {2006},
  url       = {http://www.revista.unam.mx/vol.7/num7/art55/jul_art55.pdf}
}

@book{hash_hussein,
  edition   = {1},
  title     = {Handbook of research on threat detection and countermeasures in
               network security},
  publisher = {IGI Global},
  author    = {Al-Hamami, Alaa Hussein and al-Saadoo, Ghossoon M. Waleed},
  year      = {2015}
}

@book{stallings,
  author    = {William Stallings},
  title     = {Cryptography and network security - principles and
               practice {(6.} ed.)},
  publisher = {Pearson},
  year      = {2014},
  isbn      = {978-0-13-335469-0},
  timestamp = {Thu, 07 Apr 2011 16:15:59 +0200},
  biburl    = {http://dblp.org/rec/bib/books/daglib/0008094},
  bibsource = {dblp computer science bibliography, http://dblp.org}
}

@inproceedings{ataque_wep,
  author    = {Scott R. Fluhrer and
               Itsik Mantin and
               Adi Shamir},
  title     = {Weaknesses in the Key Scheduling Algorithm of {RC4}},
  booktitle = {Selected Areas in Cryptography, 8th Annual International
               Workshop, {SAC} 2001 Toronto, Ontario, Canada, August 16-17,
               2001, Revised Papers},
  pages     = {1--24},
  year      = {2001},
  crossref  = {DBLP:conf/sacrypt/2001},
  url       = {https://doi.org/10.1007/3-540-45537-X_1},
  doi       = {10.1007/3-540-45537-X_1},
  timestamp = {Fri, 26 May 2017 14:09:14 +0200},
  biburl    = {http://dblp.org/rec/bib/conf/sacrypt/FluhrerMS01},
  bibsource = {dblp computer science bibliography, http://dblp.org}
}

@proceedings{DBLP:conf/sacrypt/2001,
  editor    = {Serge Vaudenay and
               Amr M. Youssef},
  title     = {Selected Areas in Cryptography, 8th Annual International
               Workshop, {SAC} 2001 Toronto, Ontario, Canada, August 16-17,
               2001, Revised Papers},
  series    = {Lecture Notes in Computer Science},
  volume    = {2259},
  publisher = {Springer},
  year      = {2001},
  url       = {https://doi.org/10.1007/3-540-45537-X},
  doi       = {10.1007/3-540-45537-X},
  isbn      = {3-540-43066-0},
  timestamp = {Fri, 26 May 2017 14:09:14 +0200},
  biburl    = {http://dblp.org/rec/bib/conf/sacrypt/2001},
  bibsource = {dblp computer science bibliography, http://dblp.org}
}

@book{hash_gupta,
  place     = {Delhi},
  title     = {Cryptography and Network Security},
  publisher = {PHI Learning},
  author    = {Gupta, Prakash C.},
  year      = {2015}
}

@book{mac_patel,
  place     = {New Delhi},
  title     = {Information security - Theory and Practice},
  publisher = {Prentice-Hall of India},
  author    = {Patel, Dhiren R.},
  year      = {2008}
}

@book{alan_konheim,
  author    = {Alan G. Konheim},
  title     = {Computer Security and Cryptography},
  publisher = {Wiley},
  year      = {2007},
  isbn      = {978-0-471-94783-7}
}

@incollection{resultados_estream_2,
  author    = {Christophe De Canni{\`{e}}re and
               Bart Preneel},
  title     = {Trivium},
  booktitle = {New Stream Cipher Designs - The eSTREAM Finalists},
  pages     = {244--266},
  year      = {2008},
  crossref  = {resultados_estream_1},
  url       = {https://doi.org/10.1007/978-3-540-68351-3_18},
  doi       = {10.1007/978-3-540-68351-3_18},
  timestamp = {Fri, 09 Jun 2017 11:04:34 +0200},
  biburl    = {http://dblp.org/rec/bib/series/lncs/CanniereP08},
  bibsource = {dblp computer science bibliography, http://dblp.org}
}

@book{resultados_estream_1,
  editor    = {Matthew J. B. Robshaw and
               Olivier Billet},
  title     = {New Stream Cipher Designs - The eSTREAM Finalists},
  series    = {Lecture Notes in Computer Science},
  volume    = {4986},
  publisher = {Springer},
  year      = {2008},
  url       = {https://doi.org/10.1007/978-3-540-68351-3},
  doi       = {10.1007/978-3-540-68351-3},
  isbn      = {978-3-540-68350-6},
  timestamp = {Fri, 09 Jun 2017 11:04:34 +0200},
  biburl    = {http://dblp.org/rec/bib/series/lncs/4986},
  bibsource = {dblp computer science bibliography, http://dblp.org}
}

@article{estream_portafolio,
  author    = {Steve Babbage and Christophe De Cannière and Anne Canteaut
               and Carlos Cid and Henri Gilbert and Thomas Johansson and
               Matthew Parker and Bart Preneel and Vincent Rijmen and
               Matthew Robshaw},
  title     = {The eSTREAM Portfolio (rev. 1)},
  publisher = {ECRYPT},
  year      = {2008},
  url       = {http://www.ecrypt.eu.org/stream/portfolio_revision1.pdf}
}

@misc{pci_tokens,
  author    = {Payment Card Industry Security Standards Council},
  title     = {Tokenization Product Security Guidelines – Irreversible and
               Reversible Tokens},
  year      = {2015},
  url       = {https://www.pcisecuritystandards.org/documents/Tokenization_Product_Security_Guidelines.pdf}
}

@misc{pci_dss,
  author    = {Payment Card Industry Security Standards Council},
  title     = {Data Security Standard - Version 3.2},
  year      = {2016},
  url       = {https://www.pcisecuritystandards.org/documents/pci_dss_v3-2.pdf}
}

@misc{dss_glosario,
  author    = {Payment Card Industry Security Standards Council},
  title     = {Data Security Standard (DSS) and Payment Application Data
               Security Standard (PA-DSS) - Glossary of Terms, Abbreviations,
               and Acronyms - Version 1.2},
  year      = {2008},
  url       = {https://www.pcisecuritystandards.org/pdfs/pci_dss_glossary.pdf}
}

@misc{dss_pa,
  author    = {Payment Card Industry Security Standards Council},
  title     = {Payment Application Data Security Standard - Requirements and
               Security Assessment Procedures - Version 3.0},
  year      = {2013},
  url       = {https://www.pcisecuritystandards.org/minisite/en/docs/PA-DSS_v3.pdf}
}

@article{doc_sandra,
  author    = {Sandra Diaz{-}Santiago and
               Lil María Rodríguez{-}Henríquez and
               Debrup Chakraborty},
  title     = {A cryptographic study of tokenization systems},
  journal   = {Int. J. Inf. Sec.},
  volume    = {15},
  number    = {4},
  pages     = {413--432},
  year      = {2016},
  url       = {https://doi.org/10.1007/s10207-015-0313-x},
  doi       = {10.1007/s10207-015-0313-x},
  timestamp = {Sat, 16 Sep 2017 12:07:03 +0200},
  biburl    = {http://dblp.org/rec/bib/journals/ijisec/Diaz-SantiagoRC16},
  bibsource = {dblp computer science bibliography, http://dblp.org}
}

@article{shannon_teoria,
  author    = {Claude E. Shannon},
  title     = {Communication theory - Exposition of fundamentals},
  journal   = {Trans. of the {IRE} Professional Group
               on Information Theory {(TIT)}},
  volume    = {1},
  pages     = {44--47},
  year      = {1953},
  url       = {https://doi.org/10.1109/TIT.1953.1188568},
  doi       = {10.1109/TIT.1953.1188568},
  timestamp = {Sun, 28 May 2017 13:18:38 +0200},
  biburl    = {http://dblp.org/rec/bib/journals/tit/Shannon53},
  bibsource = {dblp computer science bibliography, http://dblp.org}
}

@article{diffie_hellman,
  author    = {Whitfield Diffie and
               Martin E. Hellman},
  title     = {New directions in cryptography},
  journal   = {{IEEE} Trans. Information Theory},
  volume    = {22},
  number    = {6},
  pages     = {644--654},
  year      = {1976},
  url       = {https://doi.org/10.1109/TIT.1976.1055638},
  doi       = {10.1109/TIT.1976.1055638},
  timestamp = {Sun, 28 May 2017 13:18:48 +0200},
  biburl    = {http://dblp.org/rec/bib/journals/tit/DiffieH76},
  bibsource = {dblp computer science bibliography, http://dblp.org}
}

@article{rsa_publicacion,
  author    = {Ronald L. Rivest and
               Adi Shamir and
               Leonard M. Adleman},
  title     = {A Method for Obtaining Digital Signatures and Public-Key
               Cryptosystems},
  journal   = {Commun. {ACM}},
  volume    = {21},
  number    = {2},
  pages     = {120--126},
  year      = {1978},
  url       = {http://doi.acm.org/10.1145/359340.359342},
  doi       = {10.1145/359340.359342},
  timestamp = {Tue, 07 Jun 2011 16:51:11 +0200},
  biburl    = {http://dblp.org/rec/bib/journals/cacm/RivestSA78},
  bibsource = {dblp computer science bibliography, http://dblp.org}
}

@misc{nist_aleatorios,
  author    = {Elaine Barker and John Kelsey},
  title     = {NIST Special Publication 800-90A - Recommendation for Random
               Number Generation Using Deterministic Random Bit Generators},
  year      = {2015},
  url       = {http://dx.doi.org/10.6028/NIST.SP.800-90Ar1}
}

@misc{nist_llaves,
  author    = {Elaine Barker},
  title     = {NIST Special Publication 800-57 - Recommendation for Key
               Management},
  year      = {2016},
  url       = {http://dx.doi.org/10.6028/NIST.SP.800-57pt1r4}
}

@misc{nist_disenio_llaves,
  author    = {Elaine Barker and
               Miles Smid and
               Dennis Branstad and
               Santosh Chokhani},
  title     = {NIST Special Publication 800-130 - A Framework for Designing
               Cryptographic Key Management Systems},
  year      = {2013},
  url       = {http://dx.doi.org/10.6028/NIST.SP.800-130}
}

@misc{nist_derivacion_llaves,
  author    = {Lily Chen},
  title     = {NIST Special Publication 800-108 - Recommendation for Key
               Derivation Using Pseudorandom Functions},
  year      = {2009},
  url       = {http://nvlpubs.nist.gov/nistpubs/Legacy/SP/nistspecial-publication800-108.pdf}
}

@misc{nist_creacion_llaves,
  author    = {Elaine Barker and
               Allen Roginsky},
  title     = {NIST Special Publication 800-133 - Recommendation for
               Cryptographic Key Generation},
  year      = {2012},
  url       = {http://dx.doi.org/10.6028/NIST.SP.800-133}
}

@misc{nist_modulos_criptograficos,
  author    = {Information Technology Laboratory National Institute of
               Standards and Technology},
  title     = {FIPS PUB 140-2 - Security Requirements for cryotographic
               modules},
  year      = {2001},
  url       = {https://csrc.nist.gov/csrc/media/publications/fips/140/2/final/documents/fips1402.pdf}
}

@article{aragona,
  author    = {Riccardo Aragona and
               Riccardo Longo and
               Massimiliano Sala},
  title     = {Several proofs of security for a tokenization algorithm},
  journal   = {Appl. Algebra Eng. Commun. Comput.},
  volume    = {28},
  number    = {5},
  pages     = {425--436},
  year      = {2017},
  url       = {https://doi.org/10.1007/s00200-017-0313-3},
  doi       = {10.1007/s00200-017-0313-3},
  timestamp = {Mon, 20 Nov 2017 16:24:49 +0100},
  biburl    = {http://dblp.org/rec/bib/journals/aaecc/AragonaLS17},
  bibsource = {dblp computer science bibliography, http://dblp.org}
}

@inproceedings{tweaks,
  author    = {Moses Liskov and
               Ronald L. Rivest and
               David A. Wagner},
  title     = {Tweakable Block Ciphers},
  booktitle = {Advances in Cryptology - {CRYPTO} 2002, 22nd Annual
               International Cryptology Conference, Santa Barbara, California,
               USA, August 18-22, 2002, Proceedings},
  pages     = {31--46},
  year      = {2002},
  crossref  = {DBLP:conf/crypto/2002},
  url       = {https://doi.org/10.1007/3-540-45708-9_3},
  doi       = {10.1007/3-540-45708-9_3},
  timestamp = {Wed, 14 Jun 2017 15:21:25 +0200},
  biburl    = {http://dblp.org/rec/bib/conf/crypto/LiskovRW02},
  bibsource = {dblp computer science bibliography, http://dblp.org}
}

@proceedings{DBLP:conf/crypto/2002,
  editor    = {Moti Yung},
  title     = {Advances in Cryptology - {CRYPTO} 2002, 22nd Annual
               International Cryptology Conference, Santa Barbara, California,
               USA, August 18-22, 2002, Proceedings},
  series    = {Lecture Notes in Computer Science},
  volume    = {2442},
  publisher = {Springer},
  year      = {2002},
  url       = {https://doi.org/10.1007/3-540-45708-9},
  doi       = {10.1007/3-540-45708-9},
  isbn      = {3-540-44050-X},
  timestamp = {Fri, 26 May 2017 14:09:15 +0200},
  biburl    = {http://dblp.org/rec/bib/conf/crypto/2002},
  bibsource = {dblp computer science bibliography, http://dblp.org}
}

% Que mal... «institution» está demasiado largo.
@thesis{cifradores_de_disco,
  author    = {Cuauhtémoc Mancillas López},
  title     = {Studies on Disk Encryption},
  year      = {2013},
  institution = {Centro de Investigación y Estudios Avanzados del
                 Instituto Politécnico Nacional}
}

@inproceedings{ocb_modo,
  author    = {Phillip Rogaway and
               Mihir Bellare and
               John Black and
               Ted Krovetz},
  title     = {{OCB:} a block-cipher mode of operation for efficient
               authenticated encryption},
  booktitle = {{CCS} 2001, Proceedings of the 8th {ACM} Conference on Computer
               and Communications Security, Philadelphia, Pennsylvania, USA,
               November 6-8, 2001.},
  pages     = {196--205},
  year      = {2001},
  crossref  = {DBLP:conf/ccs/2001},
  url       = {http://doi.acm.org/10.1145/501983.502011},
  doi       = {10.1145/501983.502011},
  timestamp = {Thu, 01 Jun 2017 18:58:59 +0200},
  biburl    = {http://dblp.org/rec/bib/conf/ccs/RogawayBBK01},
  bibsource = {dblp computer science bibliography, http://dblp.org}
}

@proceedings{DBLP:conf/ccs/2001,
  editor    = {Michael K. Reiter and
               Pierangela Samarati},
  title     = {{CCS} 2001, Proceedings of the 8th {ACM} Conference on Computer
               and Communications Security, Philadelphia, Pennsylvania, USA,
               November 6-8, 2001},
  publisher = {{ACM}},
  year      = {2001},
  url       = {http://dl.acm.org/citation.cfm?id=501983},
  isbn      = {1-58113-385-5},
  timestamp = {Fri, 09 Dec 2011 14:34:06 +0100},
  biburl    = {http://dblp.org/rec/bib/conf/ccs/2001},
  bibsource = {dblp computer science bibliography, http://dblp.org}
}

@inproceedings{DBLP:conf/stoc/BeaverMR90,
  author    = {Donald Beaver and
               Silvio Micali and
               Phillip Rogaway},
  title     = {The Round Complexity of Secure Protocols (Extended Abstract)},
  booktitle = {Proceedings of the 22nd Annual {ACM} Symposium on Theory of
               Computing, May 13-17, 1990, Baltimore, Maryland, {USA}},
  pages     = {503--513},
  year      = {1990},
  crossref  = {DBLP:conf/stoc/STOC22},
  url       = {http://doi.acm.org/10.1145/100216.100287},
  doi       = {10.1145/100216.100287},
  timestamp = {Mon, 17 Oct 2011 17:25:06 +0200},
  biburl    = {http://dblp.org/rec/bib/conf/stoc/BeaverMR90},
  bibsource = {dblp computer science bibliography, http://dblp.org}
}

@proceedings{DBLP:conf/stoc/STOC22,
  editor    = {Harriet Ortiz},
  title     = {Proceedings of the 22nd Annual {ACM} Symposium on Theory of
               Computing, May 13-17, 1990, Baltimore, Maryland, {USA}},
  publisher = {{ACM}},
  year      = {1990},
  isbn      = {0-89791-361-2},
  timestamp = {Mon, 17 Oct 2011 15:55:10 +0200},
  biburl    = {http://dblp.org/rec/bib/conf/stoc/STOC22},
  bibsource = {dblp computer science bibliography, http://dblp.org}
}

@misc{sinopsis_rogaway,
  author    = {Phillip Rogaway},
  title     = {A Synopsis of Format-Preserving Encryption},
  year      = {2010},
  url       = {http://web.cs.ucdavis.edu/~rogaway/papers/synopsis.pdf}
}

@inproceedings{DBLP:conf/fse/SchneierK96,
  author    = {Bruce Schneier and
               John Kelsey},
  title     = {Unbalanced Feistel Networks and Block Cipher Design},
  booktitle = {Fast Software Encryption, Third International Workshop, Cambridge,
               UK, February 21-23, 1996, Proceedings},
  pages     = {121--144},
  year      = {1996},
  crossref  = {DBLP:conf/fse/1996},
  url       = {https://doi.org/10.1007/3-540-60865-6_49},
  doi       = {10.1007/3-540-60865-6_49},
  timestamp = {Mon, 22 May 2017 16:14:07 +0200},
  biburl    = {http://dblp.org/rec/bib/conf/fse/SchneierK96},
  bibsource = {dblp computer science bibliography, http://dblp.org}
}

@proceedings{DBLP:conf/fse/1996,
  editor    = {Dieter Gollmann},
  title     = {Fast Software Encryption, Third International Workshop, Cambridge,
               UK, February 21-23, 1996, Proceedings},
  series    = {Lecture Notes in Computer Science},
  volume    = {1039},
  publisher = {Springer},
  year      = {1996},
  url       = {https://doi.org/10.1007/3-540-60865-6},
  doi       = {10.1007/3-540-60865-6},
  isbn      = {3-540-60865-6},
  timestamp = {Mon, 22 May 2017 16:14:07 +0200},
  biburl    = {http://dblp.org/rec/bib/conf/fse/1996},
  bibsource = {dblp computer science bibliography, http://dblp.org}
}

@inproceedings{DBLP:conf/fse/AndersonB96a,
  author    = {Ross J. Anderson and
               Eli Biham},
  title     = {Two Practical and Provably Secure Block Ciphers: {BEARS} and {LION}},
  booktitle = {Fast Software Encryption, Third International Workshop, Cambridge,
               UK, February 21-23, 1996, Proceedings},
  pages     = {113--120},
  year      = {1996},
  crossref  = {DBLP:conf/fse/1996},
  url       = {https://doi.org/10.1007/3-540-60865-6_48},
  doi       = {10.1007/3-540-60865-6_48},
  timestamp = {Mon, 22 May 2017 16:14:07 +0200},
  biburl    = {http://dblp.org/rec/bib/conf/fse/AndersonB96a},
  bibsource = {dblp computer science bibliography, http://dblp.org}
}

@inproceedings{DBLP:conf/fse/Lucks96,
  author    = {Stefan Lucks},
  title     = {Faster Luby-Rackoff Ciphers},
  booktitle = {Fast Software Encryption, Third International Workshop, Cambridge,
               UK, February 21-23, 1996, Proceedings},
  pages     = {189--203},
  year      = {1996},
  crossref  = {DBLP:conf/fse/1996},
  url       = {https://doi.org/10.1007/3-540-60865-6_53},
  doi       = {10.1007/3-540-60865-6_53},
  timestamp = {Mon, 22 May 2017 16:14:07 +0200},
  biburl    = {http://dblp.org/rec/bib/conf/fse/Lucks96},
  bibsource = {dblp computer science bibliography, http://dblp.org}
}

@inproceedings{bps,
  title={BPS: a Format-Preserving Encryption Proposal},
  author={Eric Brier and Thomas Peyrin and Jacques Stern},
  year={2010}
}

